% Encoding: UTF-8

@Book{esd_book,
  author    = {Steve Heath},
  title     = {Embedded Systems Design},
  year      = {2003},
  date      = {2002-12-01},
  edition   = {2nd},
  publisher = {ELSEVIER},
  isbn      = {9780750655460},
  pages     = {1 -- 14},
  ean       = {9780750655460},
  timestamp = {2019.03.02},
}

@Book{ma_tirtos_kernel,
  author  = {Embedded Advantage, Texas Instruments},
  title   = {Intro to the TI-RTOS Kernel Workshop. Student Guide},
  year    = {2019},
  edition = {3.2},
  pages   = {94 - 271},
}

@Book{sys_analyzer_doc,
  title   = {System Analyzer. User’s Guide},
  year    = {2014},
  pages   = {135},
  comment = {http://www.ti.com/lit/ug/spruh43f/spruh43f.pdf},
}

@Misc{context_definition,
  title     = {Context (computing) - Wikipedia},
  date      = {2019-03-09},
  url       = {https://en.wikipedia.org/wiki/Context_(computing)},
  timestamp = {2019-03-09},
}

@Misc{profiling_definition,
  title     = {Profiling (computer programming) - Wikipedia},
  date      = {2019-03-09},
  url       = {https://en.wikipedia.org/wiki/Profiling_(computer_programming)},
  timestamp = {2019-03-09},
}

@Misc{uia_wiki,
  title     = {Category:UIA - Texas Instruments Wiki},
  date      = {2019-03-09},
  url       = {http://processors.wiki.ti.com/index.php/Category:UIA},
  timestamp = {2019-03-09},
}

@Misc{ccs_ti_site,
  title     = {CCSTUDIO Code Composer Studio (CCS) Integrated Development Environment (IDE) | TI.com},
  date      = {2019-03-09},
  url       = {http://www.ti.com/tool/CCSTUDIO},
  timestamp = {2019-03-09},
}

@Misc{ccs_wikipedia_site,
  title     = {Code Composer Studio - Wikipedia},
  date      = {2019-03-09},
  url       = {https://en.wikipedia.org/wiki/Code_Composer_Studio},
  timestamp = {2019-03-09},
}

@Book{tanenbaum_modern_os_2015_ru,
  author    = {Э. Таненбаум},
  title     = {Современные операционные системы},
  year      = {2015},
  publisher = {Питер},
  isbn      = {978-5-496-01395-6},
  pages     = {178 - 198},
  language  = {russian},
  hyphenation={russian},
}

@Book{rtos_valvano,
  author    = {Jonathan Valvano},
  title     = {Embedded Systems: Real-Time Operating Systems for ARM Cortex-M Microcontrollers},
  year      = {2017},
  publisher = {Jonathan Valvano},
  isbn      = {978-1466468863},
  pages     = {19 - 22, 292 - 329},
}

@Misc{rtos_arch_site,
  title     = {Real Time Operating System - What is RTOS},
  date      = {2019-03-10},
  url       = {https://www.engineersgarage.com/articles/rtos-real-time-operating-system},
  timestamp = {2019-03-10},
}

@Misc{instrumentation_site,
  title     = {Source code instrumentation overview},
  date      = {2019-03-11},
  url       = {https://www.ibm.com/support/knowledgecenter/SSSHUF_8.0.0/com.ibm.rational.testrt.doc/topics/cinstruovw.html},
  timestamp = {2019-03-11},
}

@Misc{resharper_site,
  title     = {ReSharper: The Visual Studio Extension for .NET Developers by JetBrains},
  date      = {2019-03-11},
  url       = {https://www.jetbrains.com/resharper/},
  timestamp = {2019-03-11},
}

@Misc{tracing_site,
  title     = {TracingBook - TracingWiki},
  date      = {2019-03-13},
  url       = {https://web.archive.org/web/20090224184220/http://ltt.polymtl.ca/tracingwiki/index.php/TracingBook},
  timestamp = {2019-03-11},
}

@Misc{perfomance_counters_site,
  title     = {Performance Counters - Windows applications | Microsoft Docs},
  date      = {2019-03-13},
  url       = {https://docs.microsoft.com/en-us/windows/desktop/perfctrs/performance-counters-portal},
  timestamp = {2019-03-11},
}

@Book{iso_quality,
  title   = {ISO/IEC 25010:2011, Systems and software engineering -- Systems and software Quality Requirements and Evaluation (SQuaRE) -- System and software quality models},
  year    = {2011},
  date    = {2019-03-13},
  comment = {Link to buy: https://www.iso.org/standard/35733.html
Link to basic read: https://iso25000.com/index.php/en/iso-25000-standards/iso-25010},
}

@Misc{tirtos_mcu_site,
  title     = {TI-RTOS-MCU TI-RTOS: Real-Time Operating System (RTOS) for Microcontrollers (MCU) | TI.com},
  date      = {2019-03-16},
  url       = {http://www.ti.com/tool/TI-RTOS-MCU},
  timestamp = {2019-03-11},
}

@Misc{tirtos_proc_site,
  title     = {TI-RTOS-PROC TI-RTOS: Real-Time Operating System - Obtain TI-RTOS via Processor SDKs for Sitara Processors \& DSPs | TI.com},
  date      = {2019-03-16},
  url       = {http://www.ti.com/tool/TI-RTOS-PROC},
  timestamp = {2019-03-11},
}

@Book{tirtos_sysbios_user_guide,
  title   = {SYS/BIOS (TI-RTOS Kernel) User's Guide},
  date    = {2019-03-16},
  year    = {2017},
  edition = {T},
  pages   = {261},
  comment = {Downloaded from http://www.ti.com/lit/ug/spruex3t/spruex3t.pdf
},
}

@Misc{web_client_server_communication_select_site,
  title     = {javascript - In what situations would AJAX long/short polling be preferred over HTML5 WebSockets? - Stack Overflow},
  date      = {2019-03-17},
  url       = {https://stackoverflow.com/a/10029326/6818663},
  comment   = {Дата доступа --- 2019.03.17},
  timestamp = {2019-03-11},
}

@Misc{ajax_mdn_site,
  title     = {AJAX - Руководство Web-разработчика | MDN},
  date      = {2019-03-17},
  url       = {https://developer.mozilla.org/ru/docs/Web/Guide/AJAX},
  comment   = {Дата доступа --- 2019.03.17},
  timestamp = {2019-03-11},
}

@Book{websock_rfc,
  author       = {Alexey Melnikov and Ian Fette},
  title        = {The WebSocket Protocol},
  date         = {2019-03-17},
  year         = {2011},
  howpublished = {RFC 6455},
  doi          = {10.17487/RFC6455},
  comment      = {URL: https://rfc-editor.org/rfc/rfc6455.txt
Month: december},
  number       = {6455},
  pagetotal    = {71},
  pages        = {71},
  publisher    = {RFC Editor},
  series       = {Request for Comments},
}

@Book{professional_js_book,
  author    = {Zakas, Nicholas C.},
  title     = {Professional JavaScript for Web Developers},
  year      = {2012},
  date      = {2012-02-01},
  publisher = {Wiley John + Sons},
  isbn      = {1118026691},
  comment   = {URL: https://www.ebook.de/de/product/15568302/nicholas_c_zakas_professional_javascript_for_web_developers.html},
  ean       = {9781118026694},
  pages     = {701 - 730},
}

@Misc{w3c_webrtc_site,
  title     = {WebRTC 1.0: Real-time Communication Between Browsers},
  date      = {2019-03-17},
  url       = {https://w3c.github.io/webrtc-pc/},
  comment   = {Дата доступа --- 2019.03.17},
  timestamp = {2019-03-11},
}

@Misc{websock_xhr_benchmark_site,
  title     = {HTTP vs Websockets: A performance comparison – The Feathers Flightpath},
  date      = {2019-03-18},
  url       = {https://blog.feathersjs.com/http-vs-websockets-a-performance-comparison-da2533f13a77},
  comment   = {Дата доступа --- 2019.03.17},
  timestamp = {2019-03-11},
}

@Misc{kafka_documentation_intro,
  title     = {Apache Kafka Documentation},
  date      = {2019-03-18},
  url       = {https://kafka.apache.org/intro},
  comment   = {Дата доступа --- 2019.03.17},
  timestamp = {2019-03-11},
}

@Misc{zookeeper_documentation_intro,
  title     = {Apache Kafka Documentation},
  date      = {2019-03-18},
  url       = {https://zookeeper.apache.org/doc/current/zookeeperOver},
  comment   = {Дата доступа --- 2019.03.17},
  timestamp = {2019-03-11},
}

@Misc{docker_documentation_intro,
  title     = {Docker Documentation},
  date      = {2019-03-18},
  url       = {https://docs.docker.com/get-started},
  comment   = {Дата доступа --- 2019.03.17},
  timestamp = {2019-03-11},
}

@Misc{spark_documentation_intro,
  title     = {Spark Documentation},
  date      = {2019-03-18},
  url       = {https://spark.apache.org/docs/latest/},
  comment   = {Дата доступа --- 2019.03.17},
  timestamp = {2019-03-11},
}

@Comment{jabref-meta: databaseType:biblatex;}
